<record><leader>02352cam a2200481 i 4500</leader><controlfield tag="001">6815253</controlfield><controlfield tag="003">OCoLC</controlfield><controlfield tag="005">20150218083253.0</controlfield><controlfield tag="008">140303t20152015caua     b    001 0 eng  </controlfield><datafield ind1=" " ind2=" " tag="010"><subfield code="a">  2014005755</subfield></datafield><datafield ind1=" " ind2=" " tag="015"><subfield code="a">GBB479663</subfield><subfield code="2">bnb</subfield></datafield><datafield ind1=" " ind2=" " tag="020"><subfield code="a">9781452276564 (pbk.)</subfield></datafield><datafield ind1=" " ind2=" " tag="020"><subfield code="a">1452276560 (pbk.)</subfield></datafield><datafield ind1=" " ind2=" " tag="020"><subfield code="z">9781483311210 (web pdf)</subfield></datafield><datafield ind1=" " ind2=" " tag="035"><subfield code="a">ocn871536648</subfield></datafield><datafield ind1=" " ind2=" " tag="040"><subfield code="a">DLC</subfield><subfield code="b">eng</subfield><subfield code="e">rda</subfield><subfield code="c">DLC</subfield><subfield code="d">YDXCP</subfield><subfield code="d">BTCTA</subfield><subfield code="d">BDX</subfield><subfield code="d">IAU</subfield><subfield code="d">CDX</subfield><subfield code="d">OCLCF</subfield><subfield code="d">NLE</subfield><subfield code="d">UNBCA</subfield><subfield code="d">UAB</subfield><subfield code="d">AEU</subfield></datafield><datafield ind1=" " ind2=" " tag="042"><subfield code="a">pcc</subfield></datafield><datafield ind1="0" ind2="0" tag="050"><subfield code="a">HD30.4</subfield><subfield code="b">.P65 2015</subfield></datafield><datafield ind1="0" ind2="0" tag="082"><subfield code="a">650.072</subfield><subfield code="2">23</subfield></datafield><datafield ind1=" " ind2=" " tag="090"><subfield code="a">HD 30.4 P65 2015</subfield><subfield code="b">AOAC</subfield></datafield><datafield ind1=" " ind2=" " tag="090"><subfield code="a">HD 30.4 P65 2015</subfield><subfield code="b">AEU</subfield></datafield><datafield ind1=" " ind2=" " tag="090"><subfield code="a">HD30.4 .P65 2015</subfield><subfield code="b">AEGMCT</subfield></datafield><datafield ind1="1" ind2=" " tag="100"><subfield code="a">Polonsky, Michael J.,</subfield><subfield code="e">author.</subfield></datafield><datafield ind1="1" ind2="0" tag="245"><subfield code="a">Designing and managing a research project :</subfield><subfield code="b">a business student's guide /</subfield><subfield code="c">Michael Jay Polonsky (Deakin University), David Scott Waller (University of Technology, Sydney).</subfield></datafield><datafield ind1=" " ind2=" " tag="250"><subfield code="a">Third edition.</subfield></datafield><datafield ind1=" " ind2="1" tag="264"><subfield code="a">Los Angeles :</subfield><subfield code="b">SAGE,</subfield><subfield code="c">[2015]</subfield></datafield><datafield ind1=" " ind2="4" tag="264"><subfield code="c">&#169;2015</subfield></datafield><datafield ind1=" " ind2=" " tag="300"><subfield code="a">xv, 330 pages :</subfield><subfield code="b">illustrations ;</subfield><subfield code="c">26 cm</subfield></datafield><datafield ind1=" " ind2=" " tag="336"><subfield code="a">text</subfield><subfield code="b">txt</subfield><subfield code="2">rdacontent</subfield></datafield><datafield ind1=" " ind2=" " tag="337"><subfield code="a">unmediated</subfield><subfield code="b">n</subfield><subfield code="2">rdamedia</subfield></datafield><datafield ind1=" " ind2=" " tag="338"><subfield code="a">volume</subfield><subfield code="b">nc</subfield><subfield code="2">rdacarrier</subfield></datafield><datafield ind1=" " ind2=" " tag="500"><subfield code="a">Revised edition of the authors' Designing and managing a research project published in 2005.</subfield></datafield><datafield ind1=" " ind2=" " tag="504"><subfield code="a">Includes bibliographical references and index.</subfield></datafield><datafield ind1="0" ind2=" " tag="505"><subfield code="a">Introduction -- Choosing a topic -- The role of the supervisor -- Group dynamics and the role of conflict -- Ethical considerations -- Planning the research project -- Literature review -- Data gathering -- Qualitative data collection and issues in analysis -- Quantitative data analysis -- Identifying the implications and establishing recommendations -- Presenting the results -- Writing the report -- Oral presentations -- Concluding remarks.</subfield></datafield><datafield ind1=" " ind2=" " tag="596"><subfield code="a">16 29 33</subfield></datafield><datafield ind1=" " ind2="0" tag="650"><subfield code="a">Business</subfield><subfield code="x">Research</subfield><subfield code="x">Methodology.</subfield></datafield><datafield ind1="1" ind2=" " tag="700"><subfield code="a">Waller, David S.,</subfield><subfield code="e">author.</subfield></datafield><datafield ind1=" " ind2=" " tag="949"><subfield code="a">HD 30.4 P65 2015</subfield><subfield code="h">UAAU-B</subfield><subfield code="i">0162035246113</subfield></datafield><datafield ind1=" " ind2=" " tag="947"><subfield code="b">MCO</subfield><subfield code="f">QGM</subfield><subfield code="h">GMCT-OS-B</subfield><subfield code="p">51.04</subfield><subfield code="q">1</subfield><subfield code="z">9781452276564</subfield></datafield><datafield ind1=" " ind2=" " tag="999"><subfield code="h">GMCT-OS-B</subfield></datafield><datafield ind1=" " ind2=" " tag="926"><subfield code="a">HD 30.4 P65 2015</subfield><subfield code="w">LC</subfield><subfield code="c">1</subfield><subfield code="i">0162035246113</subfield><subfield code="l">ON_SHELF</subfield><subfield code="m">UAAUG</subfield><subfield code="p">$150.00</subfield><subfield code="r">Y</subfield><subfield code="s">Y</subfield><subfield code="t">BOOK</subfield><subfield code="u">3/4/2015</subfield></datafield><datafield ind1=" " ind2=" " tag="926"><subfield code="a">HD 30.4 P65 2015</subfield><subfield code="w">LC</subfield><subfield code="c">1</subfield><subfield code="i">0164000772446</subfield><subfield code="l">ON_SHELF</subfield><subfield code="m">OLDS</subfield><subfield code="r">Y</subfield><subfield code="s">Y</subfield><subfield code="t">BOOK</subfield><subfield code="u">1/23/2015</subfield></datafield><datafield ind1=" " ind2=" " tag="926"><subfield code="a">HD30.4 .P65 2015</subfield><subfield code="w">LC</subfield><subfield code="c">1</subfield><subfield code="i">1007766189</subfield><subfield code="d">6/19/2015</subfield><subfield code="l">ON_SHELF</subfield><subfield code="m">GR_MACEWAN</subfield><subfield code="p">$64.80</subfield><subfield code="r">Y</subfield><subfield code="s">Y</subfield><subfield code="t">BOOK</subfield><subfield code="u">6/1/2015</subfield></datafield></record>